<?xml version="1.0" encoding="UTF-8"?><record xmlns="http://www.loc.gov/MARC21/slim" xmlns:cinclude="http://apache.org/cocoon/include/1.0" xmlns:zs="http://www.loc.gov/zing/srw/">
  <leader>00855nz  a2200205n  4500</leader>
  <controlfield tag="001">no2012027717</controlfield>
  <controlfield tag="003">DLC</controlfield>
  <controlfield tag="005">20120227074637.0</controlfield>
  <controlfield tag="008">120225n| acannaabn          |b aaa     c</controlfield>
  <datafield tag="010" ind1=" " ind2=" ">
    <subfield code="a">no2012027717</subfield>
  </datafield>
  <datafield tag="035" ind1=" " ind2=" ">
    <subfield code="a">(OCoLC)oca09126768</subfield>
  </datafield>
  <datafield tag="040" ind1=" " ind2=" ">
    <subfield code="a">IlMchBWI</subfield>
    <subfield code="b">eng</subfield>
    <subfield code="c">IlMchBWI</subfield>
  </datafield>
  <datafield tag="100" ind1="0" ind2=" ">
    <subfield code="a">Misako Rokkusu,</subfield>
    <subfield code="d">1977-</subfield>
  </datafield>
  <datafield tag="400" ind1="0" ind2=" ">
    <subfield code="a">ミサコ・ロックス!,</subfield>
    <subfield code="d">1977-</subfield>
  </datafield>
  <datafield tag="400" ind1="0" ind2=" ">
    <subfield code="a">Misako Rocks!,</subfield>
    <subfield code="d">1977-</subfield>
  </datafield>
  <datafield tag="400" ind1="1" ind2=" ">
    <subfield code="a">Rocks!, Misako,</subfield>
    <subfield code="d">1977-</subfield>
  </datafield>
  <datafield tag="667" ind1=" " ind2=" ">
    <subfield code="a">Non-Latin script reference not evaluated</subfield>
  </datafield>
  <datafield tag="670" ind1=" " ind2=" ">
    <subfield code="a">Misako Rokkusu, Oyako de tanoshimu kodomo eigojuku, 2011:</subfield>
    <subfield code="b">colophon (Misako Rokkusu)</subfield>
  </datafield>
  <datafield tag="670" ind1=" " ind2=" ">
    <subfield code="a">Zoominfo website, Feb. 23, 2012</subfield>
    <subfield code="b">(Misako Rocks! b. 1977 in Japan, currently lives in Madison Wis. ; Manga artist)</subfield>
  </datafield>
  <datafield tag="670" ind1=" " ind2=" ">
    <subfield code="a">OCLC, Feb. 23, 2012</subfield>
    <subfield code="b">(usage: Misako Rokkusu ; Misako Rocks!. ; hdg.:  Misako Rokkusu  = ミサコ・ロックス! ; Rocks!, Misako)</subfield>
  </datafield>
</record>